@inproceedings{reynolds1987flocks,
  title={Flocks, herds and schools: A distributed behavioral model},
  author={Reynolds, Craig W},
  booktitle={ACM SIGGRAPH Computer Graphics},
  volume={21},
  number={4},
  pages={25--34},
  year={1987},
  organization={ACM}
}

@article{rodriguez2004extending,
  title={Extending self-organizing particle systems to problem solving},
  author={Rodr{\'\i}guez, Alejandro and Reggia, James A},
  journal={Artificial Life},
  volume={10},
  number={4},
  pages={379--395},
  year={2004},
  publisher={MIT Press}
}

@inproceedings{miranda2005evolutionary,
  title={Evolutionary algorithms with particle swarm movements},
  author={Miranda, Vladimiro},
  booktitle={Intelligent Systems Application to Power Systems, 2005. Proceedings of the 13th International Conference on},
  pages={6--21},
  year={2005},
  organization={IEEE}
}

@article{winder2004using,
  title={Using distributed partial memories to improve self-organizing collective movements},
  author={Winder, Ransom and Reggia, James A},
  journal={Systems, Man, and Cybernetics, Part B: Cybernetics, IEEE Transactions on},
  volume={34},
  number={4},
  pages={1697--1707},
  year={2004},
  publisher={IEEE}
}

@article{clerc2002particle,
  title={The particle swarm-explosion, stability, and convergence in a multidimensional complex space},
  author={Clerc, Maurice and Kennedy, James},
  journal={Evolutionary Computation, IEEE Transactions on},
  volume={6},
  number={1},
  pages={58--73},
  year={2002},
  publisher={IEEE}
}

@book{koza1992genetic,
  title={Genetic programming: on the programming of computers by means of natural selection},
  author={Koza, John R},
  volume={1},
  year={1992},
  publisher={MIT press}
}

@inproceedings{winder2012role,
  title={The Role of Working Memory in an Urban Pursuit Scenario},
  author={Winder, Ransom K and Reggia, James A},
  booktitle={Artificial Life},
  volume={13},
  pages={291--298},
  year={2012}
}

@inproceedings{benson2000evolving,
  title={Evolving finite state machines with embedded genetic programming for automatic target detection},
  author={Benson, Karl},
  booktitle={Evolutionary Computation, 2000. Proceedings of the 2000 Congress on},
  volume={2},
  pages={1543--1549},
  year={2000},
  organization={IEEE}
}
